<collection xmlns="http://www.loc.gov/MARC21/slim">
<record>
  <leader>00892nam0a22002171i 450 </leader>
  <controlfield tag="001">IT\ICCU\CNCE\030561</controlfield>
  <controlfield tag="005">20060714000000.0</controlfield>
  <datafield tag="012" ind1=" " ind2=" ">
    <subfield code="a">s,re 3085 o-p- Qupe (3) 1593 (R)</subfield>
    <subfield code="2">fei</subfield>
  </datafield>
  <datafield tag="100" ind1=" " ind2=" ">
    <subfield code="a">19971127d1593        0itac0103    ba</subfield>
  </datafield>
  <datafield tag="101" ind1=" " ind2=" ">
    <subfield code="a">LAT</subfield>
  </datafield>
  <datafield tag="102" ind1=" " ind2=" ">
    <subfield code="a">IT</subfield>
  </datafield>
  <datafield tag="200" ind1="1" ind2=" ">
    <subfield code="a">℗Ioachimi Minsingeri a Frundek ... ℗Apotelesma, siue corpus perfectum scoliorum, ad quatuor libros institutionum iuris ciuilis ...</subfield>
  </datafield>
  <datafield tag="210" ind1=" " ind2=" ">
    <subfield code="a">Venetiis</subfield>
    <subfield code="c">apud haeredes Melchioris Sessae</subfield>
    <subfield code="d">1593</subfield>
  </datafield>
  <datafield tag="215" ind1=" " ind2=" ">
    <subfield code="a">\70!, 706 p.</subfield>
    <subfield code="d">fol</subfield>
  </datafield>
  <datafield tag="300" ind1=" " ind2=" ">
    <subfield code="a">Annullata  ̈la 53423</subfield>
  </datafield>
  <datafield tag="620" ind1=" " ind2=" ">
    <subfield code="a">IT</subfield>
    <subfield code="d">Venezia</subfield>
  </datafield>
  <datafield tag="700" ind1=" " ind2="1">
    <subfield code="a">Mynsinger von Frndeck,</subfield>
    <subfield code="b">Joachim</subfield>
    <subfield code="3">IT\ICCU\CNCA\005622</subfield>
  </datafield>
  <datafield tag="712" ind1="0" ind2="0">
    <subfield code="a">Sessa, Melchiorre</subfield>
    <subfield code="c"> &lt;1.&gt; - eredi</subfield>
    <subfield code="3">IT\ICCU\CNCT\000242</subfield>
    <subfield code="4">650</subfield>
  </datafield>
  <datafield tag="790" ind1=" " ind2="1">
    <subfield code="a">Minsinger,</subfield>
    <subfield code="b">Joachim</subfield>
    <subfield code="3">IT\ICCU\CNCA\021238</subfield>
    <subfield code="z">Mynsinger von Frndeck, Joachim</subfield>
  </datafield>
  <datafield tag="801" ind1=" " ind2="3">
    <subfield code="a">IT</subfield>
    <subfield code="b">ICCU</subfield>
    <subfield code="c">20201114</subfield>
  </datafield>
  <datafield tag="899" ind1=" " ind2=" ">
    <subfield code="a">Biblioteca comunale Giosu ̈Carducci. Spoleto</subfield>
    <subfield code="1">PG0168</subfield>
    <subfield code="2">UM1 08</subfield>
  </datafield>
</record>
</collection>
